<record><leader>00000cas a22000007a 4500</leader><controlfield tag="001">12574848</controlfield><controlfield tag="008">850919d19211921paudn ne      0    0eng d</controlfield><datafield ind1=" " ind2=" " tag="010"><subfield code="a">sn 85055270 </subfield></datafield><datafield ind1=" " ind2=" " tag="040"><subfield code="a">NPH</subfield><subfield code="b">eng</subfield><subfield code="c">NPH</subfield><subfield code="d">OCLCQ</subfield></datafield><datafield ind1=" " ind2=" " tag="042"><subfield code="a">msc</subfield></datafield><datafield ind1="0" ind2="0" tag="245"><subfield code="a">Altoona tribune and Altoona times.</subfield></datafield><datafield ind1="1" ind2="7" tag="246"><subfield code="a">Altoona tribune</subfield></datafield><datafield ind1="3" ind2="0" tag="246"><subfield code="a">Altoona times</subfield></datafield><datafield ind1=" " ind2=" " tag="260"><subfield code="a">Altoona, Pa. :</subfield><subfield code="b">Times Tribune Co.,</subfield><subfield code="c">1921.</subfield></datafield><datafield ind1=" " ind2=" " tag="300"><subfield code="a">1 v. :</subfield><subfield code="b">ill.</subfield></datafield><datafield ind1=" " ind2=" " tag="310"><subfield code="a">Daily (except Sundays)</subfield></datafield><datafield ind1="0" ind2=" " tag="362"><subfield code="a">Vol. 46, no. 1 (Jan. 1, 1921)-v. 46, no. 104 (May 2, 1921).</subfield></datafield><datafield ind1=" " ind2=" " tag="752"><subfield code="a">United States</subfield><subfield code="b">Pennsylvania</subfield><subfield code="c">Blair</subfield><subfield code="d">Altoona.</subfield></datafield><datafield ind1="0" ind2="0" tag="780"><subfield code="t">Times tribune</subfield><subfield code="w">(OCoLC)12595274</subfield></datafield><datafield ind1="0" ind2="0" tag="785"><subfield code="t">Altoona tribune (Altoona, Pa. : 1921 : Daily)</subfield><subfield code="w">(OCoLC)12617925</subfield></datafield></record>